<record><leader>00000cas a22000007a 4500</leader><controlfield tag="001">14875132</controlfield><controlfield tag="008">861125d19751976iauwr ne      0    0eng d</controlfield><datafield ind1=" " ind2=" " tag="010"><subfield code="a">sn 86060280 </subfield></datafield><datafield ind1=" " ind2=" " tag="040"><subfield code="a">INP</subfield><subfield code="b">eng</subfield><subfield code="c">INP</subfield><subfield code="d">OCLCQ</subfield></datafield><datafield ind1=" " ind2=" " tag="042"><subfield code="a">msc</subfield></datafield><datafield ind1="0" ind2=" " tag="130"><subfield code="a">Newspaper (Lohrville, Iowa)</subfield></datafield><datafield ind1="1" ind2="4" tag="245"><subfield code="a">The newspaper.</subfield></datafield><datafield ind1="3" ind2="0" tag="246"><subfield code="a">Rockwell City newspaper</subfield></datafield><datafield ind1=" " ind2=" " tag="260"><subfield code="a">Lohrville, Iowa :</subfield><subfield code="b">Newspapers, Inc.,</subfield><subfield code="c">1975-1976.</subfield></datafield><datafield ind1=" " ind2=" " tag="300"><subfield code="a">2 v. :</subfield><subfield code="b">ill.</subfield></datafield><datafield ind1=" " ind2=" " tag="310"><subfield code="a">Weekly</subfield></datafield><datafield ind1="0" ind2=" " tag="362"><subfield code="a">86th year, no. 7 (Nov. 5, 1975)-99th year, no. 19 (Dec. 29, 1976).</subfield></datafield><datafield ind1=" " ind2=" " tag="500"><subfield code="a">Published in Rockwell City, Iowa, &lt;Aug. 4&gt;-Dec. 29, 1976.</subfield></datafield><datafield ind1=" " ind2=" " tag="500"><subfield code="a">Published as: Rockwell City newspaper, Feb. 11, 1976.</subfield></datafield><datafield ind1=" " ind2=" " tag="515"><subfield code="a">86th year, no. 12-98th year, no. 17 omitted in numbering.</subfield></datafield><datafield ind1=" " ind2=" " tag="752"><subfield code="a">United States</subfield><subfield code="b">Iowa</subfield><subfield code="c">Calhoun</subfield><subfield code="d">Lohrville.</subfield></datafield><datafield ind1=" " ind2=" " tag="752"><subfield code="a">United States</subfield><subfield code="b">Iowa</subfield><subfield code="c">Calhoun</subfield><subfield code="d">Rockwell City.</subfield></datafield><datafield ind1="0" ind2="0" tag="780"><subfield code="t">Rockwell City advocate (Rockwell City, Iowa : 1950)</subfield><subfield code="w">(DLC)sn 86060277</subfield></datafield><datafield ind1="0" ind2="0" tag="780"><subfield code="t">Lohrville enterprise and the Farnhamville index</subfield><subfield code="w">(DLC)sn 87057008</subfield></datafield><datafield ind1="0" ind2="0" tag="785"><subfield code="t">Rockwell City advocate (Rockwell City, Iowa : 1977)</subfield><subfield code="w">(DLC)sn 86060281</subfield></datafield></record>